@inproceedings{isdataclustering,
	author    = {Battista Biggio and
	Ignazio Pillai and
	Samuel Rota Bul{\`{o}} and
	Davide Ariu and
	Marcello Pelillo and
	Fabio Roli},
	title     = {Is data clustering in adversarial settings secure?},
	booktitle = {AISec'13, Proceedings of the 2013 {ACM} Workshop on Artificial Intelligence
	and Security, Co-located with {CCS} 2013, Berlin, Germany, November
	4, 2013},
	pages     = {87--98},
	year      = {2013},
	% url       = {https://doi.org/10.1145/2517312.2517321},
	doi       = {10.1145/2517312.2517321},
	timestamp = {Tue, 06 Nov 2018 11:07:30 +0100},
	biburl    = {https://dblp.org/rec/bib/conf/ccs/BiggioPBAPR13},
	bibsource = {dblp computer science bibliography, https://dblp.org}
}

@inproceedings{wildpatterns,
	author    = {Battista Biggio and
	Fabio Roli},
	title     = {Wild Patterns: Ten Years After the Rise of Adversarial Machine Learning},
	booktitle = {Proceedings of the 2018 {ACM} {SIGSAC} Conference on Computer and
	Communications Security, {CCS} 2018, Toronto, ON, Canada, October
	15-19, 2018},
	pages     = {2154--2156},
	year      = {2018},
	% url       = {https://doi.org/10.1145/3243734.3264418},
	doi       = {10.1145/3243734.3264418},
	timestamp = {Wed, 21 Nov 2018 12:44:06 +0100},
	biburl    = {https://dblp.org/rec/bib/conf/ccs/BiggioR18},
	bibsource = {dblp computer science bibliography, https://dblp.org}
}


@inproceedings{evasionattacks,
	title={Evasion Attacks against Machine Learning at Test Time},
	author={Battista Biggio and Igino Corona and Davide Maiorca and Blaine Nelson and Nedim Srndic and Pavel Laskov and Giorgio Giacinto and Fabio Roli},
	booktitle={ECML/PKDD},
	year={2013}
}


@article{dominantset,
	title={Dominant Sets and Pairwise Clustering},
	author={Massimiliano Pavan and Marcello Pelillo},
	journal={IEEE Transactions on Pattern Analysis and Machine Intelligence},
	year={2007},
	volume={29},
	pages={167-172}
}

@article{rademacher,
	author    = {Dong Yin and
	Kannan Ramchandran and
	Peter Bartlett},
	title     = {Rademacher Complexity for Adversarially Robust Generalization},
	journal   = {CoRR},
	volume    = {abs/1810.11914},
	year      = {2018},
	% url       = {http://.org/abs/1810.11914},
	archivePrefix = {arXiv},
	eprint    = {1810.11914},
	timestamp = {Wed, 31 Oct 2018 14:24:29 +0100},
	biburl    = {https://dblp.org/rec/bib/journals/corr/abs-1810-11914},
	bibsource = {dblp computer science bibliography, https://dblp.org}
}




@inproceedings{adversarialexamples,
	author    = {Ian J. Goodfellow and
	Jonathon Shlens and
	Christian Szegedy},
	title     = {Explaining and Harnessing Adversarial Examples},
	booktitle = {3rd International Conference on Learning Representations, {ICLR} 2015,
	San Diego, CA, USA, May 7-9, 2015, Conference Track Proceedings},
	year      = {2015},
	% url       = {http://arxiv.org/abs/1412.6572},
	timestamp = {Fri, 29 Mar 2019 10:36:36 +0100},
	biburl    = {https://dblp.org/rec/bib/journals/corr/GoodfellowSS14},
	bibsource = {dblp computer science bibliography, https://dblp.org}
}

@inproceedings{certifiedDefenses,
	author    = {Aditi Raghunathan and
	Jacob Steinhardt and
	Percy Liang},
	title     = {Certified Defenses against Adversarial Examples},
	booktitle = {6th International Conference on Learning Representations, {ICLR} 2018,
	Vancouver, BC, Canada, April 30 - May 3, 2018, Conference Track Proceedings},
	year      = {2018},
	% url       = {https://openreview.net/forum?id=Bys4ob-Rb},
	timestamp = {Thu, 04 Apr 2019 13:20:09 +0200},
	biburl    = {https://dblp.org/rec/bib/conf/iclr/RaghunathanSL18},
	bibsource = {dblp computer science bibliography, https://dblp.org}
}

@inproceedings{obfuscategradient,
	author    = {Anish Athalye and
	Nicholas Carlini and
	David A. Wagner},
	title     = {Obfuscated Gradients Give a False Sense of Security: Circumventing
	Defenses to Adversarial Examples},
	booktitle = {Proceedings of the 35th International Conference on Machine Learning,
	{ICML} 2018, Stockholmsm{\"{a}}ssan, Stockholm, Sweden, July
	10-15, 2018},
	pages     = {274--283},
	year      = {2018},
	% url       = {http://proceedings.mlr.press/v80/athalye18a.html},
	timestamp = {Wed, 03 Apr 2019 18:17:30 +0200},
	biburl    = {https://dblp.org/rec/bib/conf/icml/AthalyeC018},
	bibsource = {dblp computer science bibliography, https://dblp.org}
}

@inproceedings{distanceDefence,
	author    = {Dongyu Meng and
	Hao Chen},
	title     = {MagNet: {A} Two-Pronged Defense against Adversarial Examples},
	booktitle = {Proceedings of the 2017 {ACM} {SIGSAC} Conference on Computer and
	Communications Security, {CCS} 2017, Dallas, TX, USA, October 30 -
	November 03, 2017},
	pages     = {135--147},
	year      = {2017},
	% url       = {https://doi.org/10.1145/3133956.3134057},
	doi       = {10.1145/3133956.3134057},
	timestamp = {Tue, 06 Nov 2018 11:07:31 +0100},
	biburl    = {https://dblp.org/rec/bib/conf/ccs/MengC17},
	bibsource = {dblp computer science bibliography, https://dblp.org}
}




@inproceedings{spamfilters,
	author = {L. Wittel, Gregory and Felix Wu, Shyhtsun},
	year = {2004},
	month = {01},
	pages = {},
	title = {On Attacking Statistical Spam Filters.}
}

@inproceedings{canMachineLearningBeSecure,
	author = {Barreno, Marco and Nelson, Blaine and Sears, Russell and Joseph, Anthony D. and Tygar, J. D.},
	title = {Can Machine Learning Be Secure?},
	booktitle = {Proceedings of the 2006 ACM Symposium on Information, Computer and Communications Security},
	series = {ASIACCS '06},
	year = {2006},
	isbn = {1-59593-272-0},
	location = {Taipei, Taiwan},
	pages = {16--25},
	numpages = {10},
	doi = {10.1145/1128817.1128824},
	acmid = {1128824},
	publisher = {ACM},
	address = {New York, NY, USA},
	keywords = {adversarial learning, computer networks, computer security, game theory, intrusion detection, machine learning, security metrics, spam filters, statistical learning},
}
@inproceedings{blackBoxAttackTransfer,
	author    = {Nicolas Papernot and
	Patrick D. McDaniel and
	Ian J. Goodfellow and
	Somesh Jha and
	Z. Berkay Celik and
	Ananthram Swami},
	title     = {Practical Black-Box Attacks against Machine Learning},
	booktitle = {Proceedings of the 2017 {ACM} on Asia Conference on Computer and Communications
	Security, AsiaCCS 2017, Abu Dhabi, United Arab Emirates, April 2-6,
	2017},
	pages     = {506--519},
	year      = {2017},
	% url       = {https://doi.org/10.1145/3052973.3053009},
	doi       = {10.1145/3052973.3053009},
	timestamp = {Tue, 06 Nov 2018 11:07:31 +0100},
	biburl    = {https://dblp.org/rec/bib/conf/ccs/PapernotMGJCS17},
	bibsource = {dblp computer science bibliography, https://dblp.org}
}

@article{PapernoTransferability,
	title={Transferability in Machine Learning: from Phenomena to Black-Box Attacks using Adversarial Samples},
	author={Nicolas Papernot and Patrick D. McDaniel and Ian J. Goodfellow},
	journal={CoRR},
	year={2016},
	volume={abs/1605.07277}
}

@article{universalSegmentation,
	title={Universal Adversarial Perturbations Against Semantic Image Segmentation},
	author={Jan Hendrik Metzen and Mummadi Chaithanya Kumar and Thomas Brox and Volker Fischer},
	journal={2017 IEEE International Conference on Computer Vision (ICCV)},
	year={2017},
	pages={2774-2783}
}

@article{strongUnsupervisedAttack,
	author    = {Anshuman Chhabra and
	Abhishek Roy and
	Prasant Mohapatra},
	title     = {Strong Black-box Adversarial Attacks on Unsupervised Machine Learning
	Models},
	journal   = {CoRR},
	volume    = {abs/1901.09493},
	year      = {2019},
	archivePrefix = {arXiv},
	eprint    = {1901.09493},
	timestamp = {Sat, 02 Feb 2019 16:56:00 +0100},
	bibsource = {dblp computer science bibliography, https://dblp.org}
}


@inproceedings{perona,
	author    = {Lihi Zelnik{-}Manor and
	Pietro Perona},
	title     = {Self-Tuning Spectral Clustering},
	booktitle = {Advances in Neural Information Processing Systems 17 [Neural Information
	Processing Systems, {NIPS} 2004, December 13-18, 2004, Vancouver,
	British Columbia, Canada]},
	pages     = {1601--1608},
	year      = {2004},
	% url       = {http://papers.nips.cc/paper/2619-self-tuning-spectral-clustering},
	timestamp = {Thu, 11 Dec 2014 17:34:07 +0100},
	biburl    = {https://dblp.org/rec/bib/conf/nips/Zelnik-ManorP04},
	bibsource = {dblp computer science bibliography, https://dblp.org}
}



@proceedings{replicator,
	editor    = {Marcello Pelillo and
	Edwin R. Hancock},
	title     = {Energy Minimization Methods in Computer Vision and Pattern Recognition
	- 11th International Conference, {EMMCVPR} 2017, Venice, Italy, October
	30 - November 1, 2017, Revised Selected Papers},
	series    = {Lecture Notes in Computer Science},
	volume    = {10746},
	publisher = {Springer},
	year      = {2018},
	% url       = {https://doi.org/10.1007/978-3-319-78199-0},
	doi       = {10.1007/978-3-319-78199-0},
	isbn      = {978-3-319-78198-3},
	timestamp = {Tue, 14 May 2019 10:00:54 +0200},
	biburl    = {https://dblp.org/rec/bib/conf/emmcvpr/2017},
	bibsource = {dblp computer science bibliography, https://dblp.org}
}

@inproceedings{spectral_algorithm,
	author    = {Andrew Y. Ng and
	Michael I. Jordan and
	Yair Weiss},
	title     = {On Spectral Clustering: Analysis and an algorithm},
	booktitle = {Advances in Neural Information Processing Systems 14 [Neural Information
	Processing Systems: Natural and Synthetic, {NIPS} 2001, December 3-8,
	2001, Vancouver, British Columbia, Canada]},
	pages     = {849--856},
	year      = {2001},
	% url       = {http://papers.nips.cc/paper/2092-on-spectral-clustering-analysis-and-an-algorithm},
	timestamp = {Thu, 11 Dec 2014 17:34:08 +0100},
	biburl    = {https://dblp.org/rec/bib/conf/nips/NgJW01},
	bibsource = {dblp computer science bibliography, https://dblp.org}
}




@article{normalized_cut,
	author    = {Jianbo Shi and
	Jitendra Malik},
	title     = {Normalized Cuts and Image Segmentation},
	journal   = {{IEEE} Trans. Pattern Anal. Mach. Intell.},
	volume    = {22},
	number    = {8},
	pages     = {888--905},
	year      = {2000},
	% url       = {https://doi.org/10.1109/34.868688},
	doi       = {10.1109/34.868688},
	timestamp = {Wed, 17 May 2017 10:56:28 +0200},
	biburl    = {https://dblp.org/rec/bib/journals/pami/ShiM00},
	bibsource = {dblp computer science bibliography, https://dblp.org}
}

@inproceedings{randomwalk_spectral,
	author    = {Marina Meila and
	Jianbo Shi},
	title     = {A Random Walks View of Spectral Segmentation},
	booktitle = {Proceedings of the Eighth International Workshop on Artificial Intelligence
	and Statistics, {AISTATS} 2001, Key West, Florida, USA, January 4-7,
	2001},
	year      = {2001},
	% url       = {http://www.gatsby.ucl.ac.uk/aistats/aistats2001/files/meila177.ps},
	timestamp = {Thu, 21 Jun 2018 07:20:57 +0200},
	biburl    = {https://dblp.org/rec/bib/conf/aistats/MeilaS01},
	bibsource = {dblp computer science bibliography, https://dblp.org}
}





@article{spectral_tutorial,
	author    = {Ulrike von Luxburg},
	title     = {A tutorial on spectral clustering},
	journal   = {Statistics and Computing},
	volume    = {17},
	number    = {4},
	pages     = {395--416},
	year      = {2007},
	% url       = {https://doi.org/10.1007/s11222-007-9033-z},
	doi       = {10.1007/s11222-007-9033-z},
	timestamp = {Wed, 14 Nov 2018 10:30:58 +0100},
	biburl    = {https://dblp.org/rec/bib/journals/sac/Luxburg07},
	bibsource = {dblp computer science bibliography, https://dblp.org}
}




@inproceedings{cityscapes,
	title={The Cityscapes Dataset for Semantic Urban Scene Understanding},
	author={Cordts, Marius and Omran, Mohamed and Ramos, Sebastian and Rehfeld, Timo and Enzweiler, Markus and Benenson, Rodrigo and Franke, Uwe and Roth, Stefan and Schiele, Bernt},
	booktitle={Proc. of the IEEE Conference on Computer Vision and Pattern Recognition (CVPR)},
	year={2016}
}


@article{ARI,
	author = {Milligan, Glenn and Cooper, Martha},
	year = {1986},
	month = {10},
	pages = {441-458},
	title = {A Study Of The Comparability Of External Criteria For Hierarchical Cluster-Analysis},
	volume = {21},
	journal = {Multivariate Behavioral Research - MULTIVARIATE BEHAV RES},
	doi = {10.1207/s15327906mbr2104_5}
}




@article{faceclustering,
	author    = {Charles Otto and
	Dayong Wang and
	Anil K. Jain},
	title     = {Clustering Millions of Faces by Identity},
	journal   = {{IEEE} Trans. Pattern Anal. Mach. Intell.},
	volume    = {40},
	number    = {2},
	pages     = {289--303},
	year      = {2018},
	doi       = {10.1109/TPAMI.2017.2679100},
	timestamp = {Wed, 14 Nov 2018 10:51:20 +0100},
	biburl    = {https://dblp.org/rec/bib/journals/pami/OttoWJ18},
	bibsource = {dblp computer science bibliography, https://dblp.org}
}




@article{faceclustering2,
	author    = {Yichun Shi and
	Charles Otto and
	Anil K. Jain},
	title     = {Face Clustering: Representation and Pairwise Constraints},
	journal   = {{IEEE} Trans. Information Forensics and Security},
	volume    = {13},
	number    = {7},
	pages     = {1626--1640},
	year      = {2018},
	doi       = {10.1109/TIFS.2018.2796999},
	timestamp = {Tue, 20 Mar 2018 18:50:18 +0100},
	biburl    = {https://dblp.org/rec/bib/journals/tifs/ShiOJ18},
	bibsource = {dblp computer science bibliography, https://dblp.org}
}


@inproceedings{spamfilter,
	author    = {Daniel Lowd and
	Christopher Meek},
	title     = {Good Word Attacks on Statistical Spam Filters},
	booktitle = {{CEAS} 2005 - Second Conference on Email and Anti-Spam, July 21-22,
	2005, Stanford University, California, {USA}},
	year      = {2005},
	timestamp = {Thu, 01 Jun 2006 15:34:42 +0200},
	bibsource = {dblp computer science bibliography, https://dblp.org}
}

@inproceedings{spamfilter2,
	author    = {Gregory L. Wittel and
	Shyhtsun Felix Wu},
	title     = {On Attacking Statistical Spam Filters},
	booktitle = {{CEAS} 2004 - First Conference on Email and Anti-Spam, July 30-31,
	2004, Mountain View, California, {USA}},
	year      = {2004},


	timestamp = {Fri, 02 Jun 2006 13:30:15 +0200},
	bibsource = {dblp computer science bibliography, https://dblp.org}
}



@inproceedings{poisonclustering,
	author    = {Battista Biggio and
	Samuel Rota Bul{\`{o}} and
	Ignazio Pillai and
	Michele Mura and
	Eyasu Zemene Mequanint and
	Marcello Pelillo and
	Fabio Roli},
	title     = {Poisoning Complete-Linkage Hierarchical Clustering},
	booktitle = {Structural, Syntactic, and Statistical Pattern Recognition - Joint
	{IAPR} International Workshop, {S+SSPR} 2014, Joensuu, Finland, August
	20-22, 2014. Proceedings},
	pages     = {42--52},
	year      = {2014},
	doi       = {10.1007/978-3-662-44415-3\_5},
	timestamp = {Tue, 14 May 2019 10:00:36 +0200},
	biburl    = {https://dblp.org/rec/bib/conf/sspr/BiggioBPMMPR14},
	bibsource = {dblp computer science bibliography, https://dblp.org}
}


@INPROCEEDINGS{ds1,
	author={M. {Pavan} and M. {Pelillo}},
	booktitle={2003 IEEE Computer Society Conference on Computer Vision and Pattern Recognition, 2003. Proceedings.},
	title={A new graph-theoretic approach to clustering and segmentation},
	year={2003},
	volume={1},
	number={},
	pages={I-I},
	keywords={image segmentation;pattern clustering;graph theory;game theory;image clustering;image segmentation;graph-theoretic formulation;maximal complete subgraph;edge-weighted graph;continuous optimization;replicator dynamics;evolutionary game theory;biological plausibility;Image segmentation;Clustering algorithms;Pixel;Game theory;Computer vision;Pattern recognition;Tree graphs;Computer languages;Biological information theory;Proposals},
	doi={10.1109/CVPR.2003.1211348},
	ISSN={1063-6919},
	month={June},}